@article{kondratyev_2019,
	url = {http://dx.doi.org/10.2139/ssrn.3384948 },
	year = 2019,
	month = {may},
	publisher = {SSRN},
	author = {Alexei Kondratyev and Christian Schwarz},
	title = {The Market Generator},
}

@misc{coyle_2020,
      title={Quantum versus Classical Generative Modelling in Finance},
      author={Brian Coyle and Maxwell Henderson and Justin Chan Jin Le and Niraj Kumar and Marco Paini and Elham Kashefi},
      year={2020},
      eprint={2008.00691},
      archivePrefix={arXiv},
      primaryClass={quant-ph}
}

@article{amin_2018,
  title = {Quantum Boltzmann Machine},
  author = {Amin, Mohammad H. and Andriyash, Evgeny and Rolfe, Jason and Kulchytskyy, Bohdan and Melko, Roger},
  journal = {Phys. Rev. X},
  volume = {8},
  issue = {2},
  pages = {021050},
  numpages = {11},
  year = {2018},
  month = {May},
  publisher = {American Physical Society},
  doi = {10.1103/PhysRevX.8.021050},
  url = {https://link.aps.org/doi/10.1103/PhysRevX.8.021050}
}

@article{kieferova_2017,
  title = {Tomography and generative training with quantum Boltzmann machines},
  author = {Kieferov\'a, M\'aria and Wiebe, Nathan},
  journal = {Phys. Rev. A},
  volume = {96},
  issue = {6},
  pages = {062327},
  numpages = {13},
  year = {2017},
  month = {Dec},
  publisher = {American Physical Society},
  doi = {10.1103/PhysRevA.96.062327},
  url = {https://link.aps.org/doi/10.1103/PhysRevA.96.062327}
}

@misc{wiebe_2019,
      title={Generative training of quantum Boltzmann machines with hidden units},
      author={Nathan Wiebe and Leonard Wossnig},
      year={2019},
      eprint={1905.09902},
      archivePrefix={arXiv},
      primaryClass={quant-ph}
}

@ARTICLE{dixit_2021,
    author={Dixit, Vivek and Selvarajan, Raja and Alam, Muhammad A. and Humble, Travis S. and Kais, Sabre},
    title={Training Restricted Boltzmann Machines With a D-Wave Quantum Annealer},
    journal={Frontiers in Physics},
    volume={9},
    pages={374},
    year={2021},
    url={https://www.frontiersin.org/article/10.3389/fphy.2021.589626},
    doi={10.3389/fphy.2021.589626},
    issn={2296-424X},
}
